<?xml version="1.0" encoding="utf-8"?>
<record xmlns="http://www.loc.gov/MARC21/slim" xmlns:xsi="http://www.w3.org/2001/XMLSchema-instance" xsi:schemaLocation="http://www.loc.gov/MARC21/slim http://www.loc.gov/standards/marcxml/schema/MARC21slim.xsd">
	<leader>     nam a22     Mi 4500</leader>
	<controlfield tag="001">6544352</controlfield>
	<controlfield tag="003">NjP</controlfield>
	<controlfield tag="006">m        d        </controlfield>
	<controlfield tag="007">cr cn |||m|||a</controlfield>
	<controlfield tag="008">201207s1975    ir ah   ob    001 0 arard</controlfield>
	<datafield ind1=" " ind2=" " tag="040">
		<subfield code="a">ZYU</subfield>
		<subfield code="b">ara</subfield>
		<subfield code="e">rda</subfield>
		<subfield code="c">ZYU</subfield>
	</datafield>
	<datafield ind1="0" ind2=" " tag="041">
		<subfield code="a">ara</subfield>
		<subfield code="b">per</subfield>
		<subfield code="b">fre</subfield>
	</datafield>
	<datafield ind1=" " ind2="4" tag="050">
		<subfield code="a">BP189.26</subfield>
		<subfield code="b">.I265</subfield>
	</datafield>
	<datafield ind1="1" ind2=" " tag="100">
		<subfield code="6">880-01</subfield>
		<subfield code="a">Āmulī, Ḥaydar ibn ʻAlī,</subfield>
		<subfield code="d">active 14th century.</subfield>
	</datafield>
	<datafield ind1="1" ind2="3" tag="245">
		<subfield code="6">880-02</subfield>
		<subfield code="a">al-Muqaddamāt min kitāb Naṣṣ al-nuṣūṣ fī sharḥ Fuṣūṣ al-ḥikam li-Muḥyī al-Dīn ibn al-ʻArabī /</subfield>
		<subfield code="c">az taṣnīfāt-i Ḥaydar Āmulī ; bā taṣḥiḥāt va daw muqaddamah va fihristʹhā Hanrī Kurbīn va ʻUs̲mān Ismāʻīl Yaḥyā.</subfield>
	</datafield>
	<datafield ind1="1" ind2="4" tag="246">
		<subfield code="a">Texte des textes</subfield>
	</datafield>
	<datafield ind1=" " ind2=" " tag="260">
		<subfield code="6">880-03</subfield>
		<subfield code="a">Ṭihrān :</subfield>
		<subfield code="b">Qismat-i Īrānshināsī-i Instītū Īrān va Farānsah,</subfield>
		<subfield code="c">1353 [1975]</subfield>
	</datafield>
	<datafield ind1=" " ind2=" " tag="300">
		<subfield code="a">online resource (volumes) :</subfield>
		<subfield code="b">illustrations, tables, facsimiles</subfield>
	</datafield>
	<datafield ind1=" " ind2=" " tag="336">
		<subfield code="a">text</subfield>
		<subfield code="2">rdacontent</subfield>
	</datafield>
	<datafield ind1=" " ind2=" " tag="337">
		<subfield code="a">computer</subfield>
		<subfield code="2">rdamedia</subfield>
	</datafield>
	<datafield ind1=" " ind2=" " tag="338">
		<subfield code="a">online resource</subfield>
		<subfield code="2">rdacarrier</subfield>
	</datafield>
	<datafield ind1="1" ind2=" " tag="490">
		<subfield code="6">880-04</subfield>
		<subfield code="a">Ganjīnah-ʼi nivishtahʹhā-yi Īrānī ;</subfield>
		<subfield code="v">22</subfield>
	</datafield>
	<datafield ind1=" " ind2=" " tag="500">
		<subfield code="a">Part of the Arabic Collections Online (ACO) project, contributed by Princeton University Libraries.</subfield>
	</datafield>
	<datafield ind1=" " ind2=" " tag="533">
		<subfield code="a">Electronic reproduction.</subfield>
		<subfield code="b">New York, N.Y. :</subfield>
		<subfield code="c">New York University,</subfield>
		<subfield code="d">2020.</subfield>
		<subfield code="5">NNU</subfield>
	</datafield>
	<datafield ind1=" " ind2=" " tag="546">
		<subfield code="a">Text in Arabic; introductions in Persian and French.</subfield>
	</datafield>
	<datafield ind1=" " ind2=" " tag="504">
		<subfield code="a">Includes bibliographical references and indexes.</subfield>
	</datafield>
	<datafield ind1=" " ind2="0" tag="650">
		<subfield code="a">Sufism</subfield>
		<subfield code="v">Early works to 1800.</subfield>
	</datafield>
	<datafield ind1=" " ind2="0" tag="650">
		<subfield code="a">Shīʻah</subfield>
		<subfield code="x">Doctrines.</subfield>
	</datafield>
	<datafield ind1="0" ind2="0" tag="600">
		<subfield code="a">Ibn al-ʻArabī,</subfield>
		<subfield code="d">1165-1240.</subfield>
		<subfield code="t">Fuṣūṣ al-ḥikam.</subfield>
	</datafield>
	<datafield ind1="0" ind2="7" tag="630">
		<subfield code="a">Fuṣūṣ al-ḥikam (Ibn al-ʻArabī)</subfield>
		<subfield code="2">fast</subfield>
		<subfield code="0">(OCoLC)fst01371634</subfield>
	</datafield>
	<datafield ind1=" " ind2="7" tag="650">
		<subfield code="a">Shīʻah</subfield>
		<subfield code="x">Doctrines.</subfield>
		<subfield code="2">fast</subfield>
		<subfield code="0">(OCoLC)fst01117948</subfield>
	</datafield>
	<datafield ind1=" " ind2="7" tag="650">
		<subfield code="a">Sufism.</subfield>
		<subfield code="2">fast</subfield>
		<subfield code="0">(OCoLC)fst01137257</subfield>
	</datafield>
	<datafield ind1=" " ind2="7" tag="655">
		<subfield code="a">Early works.</subfield>
		<subfield code="2">fast</subfield>
		<subfield code="0">(OCoLC)fst01411636</subfield>
	</datafield>
	<datafield ind1="1" ind2=" " tag="700">
		<subfield code="a">Corbin, Henry.</subfield>
	</datafield>
	<datafield ind1="1" ind2=" " tag="700">
		<subfield code="6">880-05</subfield>
		<subfield code="a">Yaḥyá, ʻUthmān.</subfield>
	</datafield>
	<datafield ind1="0" ind2=" " tag="700">
		<subfield code="6">880-06</subfield>
		<subfield code="a">Ibn al-ʻArabī,</subfield>
		<subfield code="d">1165-1240.</subfield>
	</datafield>
	<datafield ind1="2" ind2=" " tag="710">
		<subfield code="a">Princeton University.</subfield>
		<subfield code="b">Library.</subfield>
	</datafield>
	<datafield ind1="0" ind2=" " tag="730">
		<subfield code="a">Arabic Collections Online.</subfield>
	</datafield>
	<datafield ind1="0" ind2="8" tag="776">
		<subfield code="i">Print version:</subfield>
		<subfield code="a">Āmulī, Ḥaydar ibn ʻAlī, active 14th century.</subfield>
		<subfield code="t">al-Muqaddamāt min kitāb Naṣṣ al-nuṣūṣ fī sharḥ Fuṣūṣ al-ḥikam li-Muḥyī al-Dīn ibn al-ʻArabī</subfield>
		<subfield code="w">(NjP)6544352</subfield>
	</datafield>
	<datafield ind1=" " ind2="0" tag="830">
		<subfield code="a">Bibliothèque iranienne ;</subfield>
		<subfield code="v">22.</subfield>
	</datafield>
	<datafield ind1="4" ind2="0" tag="856">
		<subfield code="u">http://hdl.handle.net/2333.1/p5hqc8jw</subfield>
	</datafield>
	<datafield ind1="4" ind2="0" tag="856">
		<subfield code="u">http://hdl.handle.net/2333.1/p5hqc8jw</subfield>
	</datafield>
	<datafield ind1="1" ind2=" " tag="880">
		<subfield code="6">100-01</subfield>
		<subfield code="a">آملي، حيدر بن علي،‎</subfield>
		<subfield code="d">active 14th century.</subfield>
	</datafield>
	<datafield ind1="1" ind2="2" tag="880">
		<subfield code="6">245-02</subfield>
		<subfield code="a">المقدمات من كتاب نص النصوص في شرح فصوص الحكم لمحيي الدين بن العربي /‎</subfield>
		<subfield code="c">از تصنىفات حىدر آملى ؛ با تصححات و دو مقدمه و فهرست‌ا هنرى کربىن و عثمان اسماعىل ىحىا.‎</subfield>
	</datafield>
	<datafield ind1=" " ind2=" " tag="880">
		<subfield code="6">260-03</subfield>
		<subfield code="a">طهران :‎</subfield>
		<subfield code="b">قسمت ايرانشناسى انستىتو ايران و فرانسه،‎</subfield>
		<subfield code="c">1353 [1975]</subfield>
	</datafield>
	<datafield ind1="1" ind2=" " tag="880">
		<subfield code="6">490-04</subfield>
		<subfield code="a">گنجىنۀ نوشته‌اى ايرانى ؛‎</subfield>
		<subfield code="v">22</subfield>
	</datafield>
	<datafield ind1="1" ind2=" " tag="880">
		<subfield code="6">700-05</subfield>
		<subfield code="a">يحيى، عثمان.‎</subfield>
	</datafield>
	<datafield ind1="0" ind2=" " tag="880">
		<subfield code="6">700-06</subfield>
		<subfield code="a">ابن العربي،‎</subfield>
		<subfield code="d">1165-1240.</subfield>
	</datafield>
	<datafield ind1=" " ind2=" " tag="959">
		<subfield code="a">NNU</subfield>
		<subfield code="b">WEB</subfield>
		<subfield code="c">GENI</subfield>
		<subfield code="t">0</subfield>
		<subfield code="m">Electronic access</subfield>
		<subfield code="s">01</subfield>
	</datafield>
	<datafield ind1=" " ind2=" " tag="959">
		<subfield code="a">NNU</subfield>
		<subfield code="b">WEB</subfield>
		<subfield code="c">GENI</subfield>
		<subfield code="t">0</subfield>
		<subfield code="m">Electronic access</subfield>
		<subfield code="s">01</subfield>
	</datafield>
	<datafield ind1=" " ind2=" " tag="999">
		<subfield code="i">NjP_6544352</subfield>
		<subfield code="o">(OCoLC)ocm18259016</subfield>
		<subfield code="s">princeton_aco004206:juz 1</subfield>
		<subfield code="e">(ERROR-880)</subfield>
		<subfield code="s">princeton_aco004206:juz 1</subfield>
	</datafield>
</record>
